@article{shalev-shwartz_understanding_nodate,
    title = {Understanding {Machine} {Learning}},
    language = {en},
    author = {Shalev-Shwartz, Shai and Ben-David, Shai},
    pages = {416},
}

@book{noauthor_detection_2012,
    title = {Detection and {Classification} of {Adult} and {Fetal} {ECG} {Using} {Recurrent} {Neural} {networks} , {Embedded} {Volterra} and {Higher} - {Order} {Statistics} .},
    isbn = {978-953-51-0409-4},
    url = {http://www.intechopen.com/articles/show/title/detection-and-classification-of-biomedical-signals-using-embeded-volterra-and-higher-order-statistic},
    language = {en},
    urldate = {2019-12-11},
    publisher = {INTECH Open Access Publisher},
    year = {2012},
    note = {OCLC: 1111192923},
}

@book{hammer_learning_2000,
    address = {London ; New York},
    series = {Lecture notes in control and information sciences},
    title = {Learning with recurrent neural networks},
    isbn = {978-1-85233-343-0},
    language = {en},
    number = {253},
    publisher = {Springer},
    author = {Hammer, Barbara},
    year = {2000},
    keywords = {Neural networks (Computer science)},
}

@book{DudaHartStork01,
    abstract = {The first edition, published in 1973, has become a classic reference in the field. Now with the second edition, readers will find information on key new topics such as neural networks and statistical pattern recognition, the theory of machine learning, and the theory of invariances. Also included are worked examples, comparisons between different methods, extensive graphics, expanded exercises and computer project topics.},
    added-at = {2016-05-28T21:24:35.000+0200},
    address = {New York},
    author = {Duda, Richard O. and Hart, Peter E. and Stork, David G.},
    biburl = {https://www.bibsonomy.org/bibtex/25ef4fe4778daaf4b4e56c0d66161e048/flint63},
    edition = 2,
    groups = {public},
    interhash = {5af620770e95f6b9ccffca6b3638a8ae},
    intrahash = {5ef4fe4778daaf4b4e56c0d66161e048},
    isbn = {978-0-471-05669-0},
    keywords = {01801 105 book shelf ai data pattern recognition analysis},
    publisher = {Wiley},
    timestamp = {2018-04-17T11:20:04.000+0200},
    title = {Pattern Classification},
    username = {flint63},
    year = 2001
}

@article{mlpack2018,
    title = {mlpack 3: a fast, flexible machine learning library},
    author = {Curtin, Ryan R. and Edel, Marcus and Lozhnikov, Mikhail and Mentekidis, Yannis and Ghaisas, Sumedh and Zhang, Shangtong},
    journal = {Journal of Open Source Software},
    volume = {3},
    issue = {26},
    pages = {726},
    year = {2018},
    doi = {10.21105/joss.00726},
    url = {https://doi.org/10.21105/joss.00726}
}

@article{konidaris_distributed_2019,
    title = {Distributed {Machine} {Learning} {Algorithms} via {Geometric} {Monitoring}},
    url = {http://purl.tuc.gr/dl/dias/07D2D80D-F1AC-4937-B5F6-69D82C9A996F},
    language = {en},
    author = {Konidaris, Vissarion},
    year = {2019},
}

@article{calders_communication-efficient_2014,
    address = {Berlin, Heidelberg},
    title = {Communication- {Efficient} {Distributed} {Online} {Prediction} by {Dynamic} {Model} {Synchronization}},
    volume = {8724},
    isbn = {978-3-662-44847-2 978-3-662-44848-9},
    url = {http://link.springer.com/10.1007/978-3-662-44848-9_40},
    language = {en},
    urldate = {2019-12-09},
    booktitle = {Machine {Learning} and {Knowledge} {Discovery} in {Databases}},
    publisher = {Springer Berlin Heidelberg},
    author = {Kamp, Michael and Boley, Mario and Keren, Daniel and Schuster, Assaf and Sharfman, Izchak},
    editor = {Calders, Toon and Esposito, Floriana and Hullermeier, Eyke and Meo, Rosa},
    year = {2014},
    doi = {10.1007/978-3-662-44848-9_40},
    pages = {623--639},
}

@article{kamp_efficient_2018,
    title = {Efficient {Decentralized} {Deep} {Learning} by {Dynamic} {Model} {Averaging}},
    url = {http://arxiv.org/abs/1807.03210},
    language = {en},
    urldate = {2019-12-09},
    journal = {arXiv:1807.03210 [cs, stat]},
    author = {Kamp, Michael and Adilova, Linara and Sicking, Joachim and Huger, Fabian and Schlicht, Peter and Wirtz, Tim and Wrobel, Stefan},
    month = nov,
    year = {2018},
    note = {arXiv: 1807.03210},
    keywords = {Computer Science - Artificial Intelligence, Computer Science - Distributed, Parallel, and Cluster Computing, Computer Science - Machine Learning, Statistics - Machine Learning},
}

@misc{ddssim_repo,
    author = {Vasileios Samoladas},
    title = {ddssim},
    year = {2018},
    publisher = {GitHub},
    journal = {GitHub repository},
    howpublished = {\url {https://github.com/vsamtuc/ddssim}}
}

@misc{dist_ml_repo,
    author = {Vissarion B. Konidaris},
    title = {Distruted-Online-Machine-Learning},
    year = {2019},
    publisher = {GitHub},
    journal = {GitHub repository},
    howpublished = {\url {https://github.com/ArisKonidaris/Distruted-Online-Machine-Learning}}
}

