@book{noauthor_detection_2012,
    title = {Detection and {Classification} of {Adult} and {Fetal} {ECG} {Using} {Recurrent} {Neural} {networks} , {Embedded} {Volterra} and {Higher} - {Order} {Statistics} .},
    isbn = {978-953-51-0409-4},
    url = {http://www.intechopen.com/articles/show/title/detection-and-classification-of-biomedical-signals-using-embeded-volterra-and-higher-order-statistic},
    language = {en},
    urldate = {2019-12-11},
    publisher = {INTECH Open Access Publisher},
    year = {2012},
    note = {OCLC: 1111192923},
}

@book{hammer_learning_2000,
    address = {London ; New York},
    series = {Lecture notes in control and information sciences},
    title = {Learning with recurrent neural networks},
    isbn = {978-1-85233-343-0},
    language = {en},
    number = {253},
    publisher = {Springer},
    author = {Hammer, Barbara},
    year = {2000},
    keywords = {Neural networks (Computer science)},
}

@book{DudaHartStork01,
    added-at = {2016-05-28T21:24:35.000+0200},
    address = {New York},
    author = {Duda, Richard O. and Hart, Peter E. and Stork, David G.},
    biburl = {https://www.bibsonomy.org/bibtex/25ef4fe4778daaf4b4e56c0d66161e048/flint63},
    edition = 2,
    groups = {public},
    interhash = {5af620770e95f6b9ccffca6b3638a8ae},
    intrahash = {5ef4fe4778daaf4b4e56c0d66161e048},
    isbn = {978-0-471-05669-0},
    keywords = {01801 105 book shelf ai data pattern recognition analysis},
    publisher = {Wiley},
    timestamp = {2018-04-17T11:20:04.000+0200},
    title = {Pattern Classification},
    username = {flint63},
    year = 2001
}

@article{mlpack2018,
    title = {mlpack 3: a fast, flexible machine learning library},
    author = {Curtin, Ryan R. and Edel, Marcus and Lozhnikov, Mikhail and Mentekidis, Yannis and Ghaisas, Sumedh and Zhang, Shangtong},
    journal = {Journal of Open Source Software},
    volume = {3},
    issue = {26},
    pages = {726},
    year = {2018},
    doi = {10.21105/joss.00726},
    url = {https://doi.org/10.21105/joss.00726}
}

@article{matplotlib,
    Author = {Hunter, J. D.},
    Title = {Matplotlib: A 2D graphics environment},
    Journal = {Computing in Science \& Engineering},
    Volume = {9},
    Number = {3},
    Pages = {90--95},
    abstract = {Matplotlib is a 2D graphics package used for Python for
 application development, interactive scripting, and publication-quality
 image generation across user interfaces and operating systems.},
    publisher = {IEEE COMPUTER SOC},
    doi = {10.1109/MCSE.2007.55},
    year = 2007
}

@software{pandas,
    author = {The pandas development team},
    title = {pandas-dev/pandas: Pandas},
    month = feb,
    year = 2020,
    publisher = {Zenodo},
    version = {latest},
    url = {https://doi.org/10.5281/zenodo.3509134}
}

@article{sklearn,
    title = {Scikit-learn: Machine Learning in Python},
    author = {Pedregosa, F. and Varoquaux, G. and Gramfort, A. and Michel, V.
 and Thirion, B. and Grisel, O. and Blondel, M. and Prettenhofer, P.
 and Weiss, R. and Dubourg, V. and Vanderplas, J. and Passos, A. and
 Cournapeau, D. and Brucher, M. and Perrot, M. and Duchesnay, E.},
    journal = {Journal of Machine Learning Research},
    volume = {12},
    pages = {2825--2830},
    year = {2011}
}

@article{konidaris_distributed_2019,
    title = {Distributed {Machine} {Learning} {Algorithms} via {Geometric} {Monitoring}},
    url = {http://purl.tuc.gr/dl/dias/07D2D80D-F1AC-4937-B5F6-69D82C9A996F},
    language = {en},
    author = {Konidaris, Vissarion},
    year = {2019},
}

@article{kampioti_sofia__thesis_2020,
    title = {A functional geometric approach to distributed support vector machine (SVM) classification},
    url = {http://purl.tuc.gr/dl/dias/3C8837A2-7745-4025-B874-D756A30E6261},
    language = {en},
    author = {Kampioti, Sofia},
    year = {2020},
}

@article{garofalakis_distributed_nodate,
    title = {Distributed Query Monitoring through Convex Analysis: Towards Composable Safe Zones},
    pages = {18},
    author = {Garofalakis, Minos and Samoladas, Vasilis},
    langid = {english},
}

@article{calders_communication-efficient_2014,
    address = {Berlin, Heidelberg},
    title = {Communication- {Efficient} {Distributed} {Online} {Prediction} by {Dynamic} {Model} {Synchronization}},
    volume = {8724},
    isbn = {978-3-662-44847-2 978-3-662-44848-9},
    url = {http://link.springer.com/10.1007/978-3-662-44848-9_40},
    language = {en},
    urldate = {2019-12-09},
    booktitle = {Machine {Learning} and {Knowledge} {Discovery} in {Databases}},
    publisher = {Springer Berlin Heidelberg},
    author = {Kamp, Michael and Boley, Mario and Keren, Daniel and Schuster, Assaf and Sharfman, Izchak},
    editor = {Calders, Toon and Esposito, Floriana and Hullermeier, Eyke and Meo, Rosa},
    year = {2014},
    doi = {10.1007/978-3-662-44848-9_40},
    pages = {623--639},
}

@article{kamp_efficient_2018,
    title = {Efficient {Decentralized} {Deep} {Learning} by {Dynamic} {Model} {Averaging}},
    url = {http://arxiv.org/abs/1807.03210},
    language = {en},
    urldate = {2019-12-09},
    journal = {arXiv:1807.03210 [cs, stat]},
    author = {Kamp, Michael and Adilova, Linara and Sicking, Joachim and Huger, Fabian and Schlicht, Peter and Wirtz, Tim and Wrobel, Stefan},
    month = nov,
    year = {2018},
    note = {arXiv: 1807.03210},
    keywords = {Computer Science - Artificial Intelligence, Computer Science - Distributed, Parallel, and Cluster Computing, Computer Science - Machine Learning, Statistics - Machine Learning},
}

@misc{ddssim_repo,
    author = {Vasileios Samoladas},
    title = {ddssim},
    year = {2018},
    publisher = {GitHub},
    journal = {GitHub repository},
    howpublished = {\url {https://github.com/vsamtuc/ddssim}}
}

@misc{dist_ml_repo,
    author = {Vissarion B. Konidaris},
    title = {Distributed Online Machine Learning},
    year = {2019},
    publisher = {GitHub},
    journal = {GitHub repository},
    howpublished = {\url {https://github.com/ArisKonidaris/Distributed_Online_Machine_Learning}}
}

@inproceedings{sharfman_aggregate_2007,
    location = {Long Beach, {CA} , {USA}},
    title = {Aggregate Threshold Queries in Sensor Networks},
    isbn = {978-1-4244-0909-9},
    url = {http://ieeexplore.ieee.org/document/4228025/},
    doi = {10.1109/IPDPS.2007.370297},
    eventtitle = {2007 {IEEE} International Parallel and Distributed Processing Symposium},
    pages = {1--10},
    booktitle = {2007 {IEEE} International Parallel and Distributed Processing Symposium},
    publisher = {{IEEE}},
    author = {Sharfman, Izchak and Schuster, Assaf and Keren, Daniel},
    urldate = {2020-06-02},
    date = {2007},
    langid = {english}
}

@article{sharfman_geometric_2007,
    title = {A geometric approach to monitoring threshold functions over distributed data streams},
    volume = {32},
    issn = {0362-5915, 1557-4644},
    url = {https://dl.acm.org/doi/10.1145/1292609.1292613},
    doi = {10.1145/1292609.1292613},
    pages = {23},
    number = {4},
    journaltitle = {{ACM} Transactions on Database Systems},
    shortjournal = {{ACM} Trans. Database Syst.},
    author = {Sharfman, Izchak and Schuster, Assaf and Keren, Daniel},
    urldate = {2020-06-02},
    date = {2007-11},
    langid = {english}
}

@article{samoladas_functional_nodate,
    title = {Functional Geometric Monitoring for Distributed Streams},
    pages = {12},
    author = {Samoladas, Vasilis and Garofalakis, Minos},
    langid = {english}
}

@article{garofalakis_sketch-based_2013,
    title = {Sketch-based geometric monitoring of distributed stream queries},
    volume = {6},
    issn = {2150-8097},
    url = {http://dl.acm.org/doi/10.14778/2536206.2536220},
    doi = {10.14778/2536206.2536220},
    pages = {937--948},
    number = {10},
    journaltitle = {Proceedings of the {VLDB} Endowment},
    shortjournal = {Proc. {VLDB} Endow.},
    author = {Garofalakis, Minos and Keren, Daniel and Samoladas, Vasilis},
    urldate = {2020-06-02},
    date = {2013-08-26},
    langid = {english}
}

@dataset{amazon_dataset,
    author = {Stanford Network Analysis Project},
    year = {2017},
    month = {05},
    title = {Amazon Fine Food Reviews},
    url = {https://www.kaggle.com/snap/amazon-fine-food-reviews}
}

@dataset{sfc_dataset,
    author = {SF OpenData},
    year = {2016},
    month = {08},
    title = {San Francisco Crime Classification},
    url = {https://www.kaggle.com/kaggle/san-francisco-crime-classification}
}

@misc{rushabhwadkar_2019, 
    title={LSTM on Amazon Fine Food Reviews}, url={https://www.kaggle.com/rushabhwadkar/lstm-on-amazon-fine-food-reviews},
    journal={Kaggle},
    publisher={Kaggle},
    author={Rushabhwadkar},
    year={2019},
    month={Jun}
}

@misc{cnn_rnn_repo,
    author = {Jie Zhang},
    title = {multi-class-text-classification-cnn-rnn},
    year = {2018},
    publisher = {GitHub},
    journal = {GitHub repository},
    howpublished = {\url {https://github.com/jiegzhan/multi-class-text-classification-cnn-rnn}}
}


@inproceedings{li_scaling_2014,
	address = {Beijing, China},
	title = {Scaling {Distributed} {Machine} {Learning} with the {Parameter} {Server}},
	isbn = {978-1-4503-2891-3},
	url = {http://dl.acm.org/citation.cfm?doid=2640087.2644155},
	doi = {10.1145/2640087.2644155},
	language = {en},
	booktitle = {Proceedings of the 2014 {International} {Conference} on {Big} {Data} {Science} and {Computing} - {BigDataScience} '14},
	publisher = {ACM Press},
	author = {Li, Mu},
	year = {2014}
}